@book{Morimoto2011,
  author         = {Carlo E. Morimoto},
  editor         = {Editora Sulina },
  title          = {Servidores Linux: Guia prático},
  publisher      = {1ª Edição},
  location       = {Porto Alegre},
  year           = {2011},
}

@book{Tanenbaum2016,
  author         = {Andrew S. Tanenbaum and Herbert Bos},
  editor         = {Pearson Education do Brasil Ltda},
  title          = {Sistemas operacionais modernos},
  publisher      = {4ª edição},
  year           = {2016},
}

@book{Comer2012,
	author = {Comer, Douglas},
	title = {Operating system design : the xinu approach, linksys version},
	publisher = {CRC Press-Taylor and Francis},
	year = {2012},
	address = {Boca Raton},
  pages = {2},
}

@online{LinuxFundationWIL,
  author = {The Linux Foundation},
  title = {What Is Linux?},
  year = 2020,
  url = {https://www.linux.com/what-is-linux/},
  urldate = {2020-09-10},
}

@online{linfo2007,
  author = {The Linux Information Project},
  title = {Kernel Mode Definition},
  year = 2007,
  url = {http://www.linfo.org/kernel_mode.html},
  urldate = {2020-09-10},
}

@online{Torvalds1991,
  author = {Torvalds, L.},
  title = {“What would you like to see most in minix?”},
  year = 1991,
  url = {https://groups.google.com/g/comp.os.minix/c/dlNtH7RRrGA/m/SwRavCzVE7gJl},
  urldate = {2020-09-10},
}

@online{Torvalds1993,
  author = {Meta Magazine.},
  title = {The Choice of a GNU Generation An Interview With Linus Torvalds},
  year = 1993,
  url = {https://gondwanaland.com/meta/history/interview.html},
  urldate = {2020-09-10},
}

@book{torvalds2002,
  title={Just for Fun: The Story of an Accidental Revolutionary},
  author={Torvalds, L. and Diamond, D.},
  isbn={9780066620732},
  lccn={00054199},
  url={https://books.google.com.br/books?id=6zSWd8Ou8BAC},
  year={2002},
  publisher={HarperCollins}
}